@book{Gibson:1979,
	year = {1979},
	title = {The Ecological Approach to Visual Perception},
	author = {James J. Gibson},
	publisher = {Houghton Mifflin}
}

@article{Horn:Schunck:1981,
title = "Determining optical flow",
journal = "Artificial Intelligence",
volume = "17",
number = "1",
pages = "185 - 203",
year = "1981",
issn = "0004-3702",
doi = "https://doi.org/10.1016/0004-3702(81)90024-2",
url = "http://www.sciencedirect.com/science/article/pii/0004370281900242",
author = "Berthold K.P. Horn and Brian G. Schunck"
}

@inproceedings{Lucas:Kanade:1981,
 author = {Lucas, Bruce D. and Kanade, Takeo},
 title = {An Iterative Image Registration Technique with an Application to Stereo Vision},
 booktitle = {Proceedings of the 7th International Joint Conference on Artificial Intelligence - Volume 2},
 series = {IJCAI'81},
 year = {1981},
 location = {Vancouver, BC, Canada},
 pages = {674--679},
 numpages = {6},
 url = {http://dl.acm.org/citation.cfm?id=1623264.1623280},
 acmid = {1623280},
 publisher = {Morgan Kaufmann Publishers Inc.},
 address = {San Francisco, CA, USA},
} 

@article{Beauchemin:1995,
 author = {Beauchemin, S. S. and Barron, J. L.},
 title = {The Computation of Optical Flow},
 journal = {ACM Comput. Surv.},
 issue_date = {Sept. 1995},
 volume = {27},
 number = {3},
 month = sep,
 year = {1995},
 issn = {0360-0300},
 pages = {433--466},
 numpages = {34},
 url = {http://doi.acm.org/10.1145/212094.212141},
 doi = {10.1145/212094.212141},
 acmid = {212141},
 publisher = {ACM},
 address = {New York, NY, USA},
} 

@INPROCEEDINGS{FlowNet:2015, 
author={A. Dosovitskiy and P. Fischer and E. Ilg and P. HÃ¤usser and C. Hazirbas and V. Golkov and P. v. d. Smagt and D. Cremers and T. Brox}, 
booktitle={2015 IEEE International Conference on Computer Vision (ICCV)}, 
title={FlowNet: Learning Optical Flow with Convolutional Networks}, 
year={2015}, 
volume={}, 
number={}, 
pages={2758-2766}, 
keywords={computer vision;image sequences;learning (artificial intelligence);neural nets;CNN;FlowNet;computer vision;convolutional neural network;generic architecture;ground truth data;optical flow learning;opticalflow estimation problem;supervised learning;synthetic flying chair dataset;Computer architecture;Correlation;Image resolution;Neural networks;Optical computing;Optical fiber networks;Optical imaging}, 
doi={10.1109/ICCV.2015.316}, 
ISSN={}, 
month={Dec},}

@INPROCEEDINGS{Shi-Tomasi:1994, 
author={Jianbo Shi and C. Tomasi}, 
booktitle={1994 Proceedings of IEEE Conference on Computer Vision and Pattern Recognition}, 
title={Good features to track}, 
year={1994}, 
volume={}, 
number={}, 
pages={593-600}, 
keywords={computer vision;feature extraction;tracking;Newton-Raphson style search methods;affine image transformations;disocclusions;feature monitoring;feature selection;feature-based;occlusions;performance;tracker;tracking;vision system;Feature extraction;Machine vision;Tracking}, 
doi={10.1109/CVPR.1994.323794}, 
ISSN={1063-6919}, 
month={Jun},}