@inproceedings{Lucas:Kanade:1981,
 author = {Lucas, Bruce D. and Kanade, Takeo},
 title = {An Iterative Image Registration Technique with an Application to Stereo Vision},
 booktitle = {Proceedings of the 7th International Joint Conference on Artificial Intelligence - Volume 2},
 series = {IJCAI'81},
 year = {1981},
 location = {Vancouver, BC, Canada},
 pages = {674--679},
 numpages = {6},
} 
